<?xml version="1.0" encoding="UTF-8"?><collection xmlns="http://www.loc.gov/MARC21/slim"><record><leader>00427nam--2200145-i-4500</leader><controlfield tag="001">000030700</controlfield><controlfield tag="002">20161230</controlfield><controlfield tag="005">20161230201038</controlfield><controlfield tag="008">060222s1000------------r-----000-0-eng-d</controlfield><datafield ind1=" " ind2=" " tag="080"><subfield code="a">621.9</subfield></datafield><datafield ind1=" " ind2=" " tag="100"><subfield code="a">Mateescu, Traian S.A</subfield></datafield><datafield ind1=" " ind2=" " tag="245"><subfield code="a">Aschierea rapida a metalelor</subfield></datafield><datafield ind1=" " ind2=" " tag="260"><subfield code="a">Bucuresti, Ed.Tehnica, 1952, 428p.+ Erata</subfield></datafield><datafield ind1=" " ind2=" " tag="490"><subfield code="a">Asociatia Stiintifica A Inginerilor Si Tehnicienilor, Metode De Munca Avansata</subfield></datafield><datafield ind1=" " ind2=" " tag="852"><subfield code="a">3174</subfield></datafield></record></collection>